@article{dallas2019,
  title={Detecting parasite associations within multi-species host and parasite communities},
  author={Dallas, Tad A and Laine, Anna-Liisa and Ovaskainen, Otso},
  journal={Proceedings of the Royal Society B},
  volume={286},
  number={1912},
  pages={20191109},
  year={2019},
  publisher={The Royal Society}
}
